@article {sdx,
 author = {Gupta, Arpit and Vanbever, Laurent and Shahbaz, Muhammad and Donovan,Sean and Schlinker, Brandon and Feamster, Nick and Rexford, Jennifer and Shenker, Scott and Clark, Russ and Katz-Bassett, Ethan},
 title = {SDX: A Software Defined Internet Exchange},
 year = {2014},
 note = {To Appear},
 publisher = {ACM SIGCOMM},
 journal = {Proceedings of the ACM SIGCOMM 2014 conference},
}


@article {FlowQoS,
  author = {Seddiki, M. Said and Shahbaz, Muhammad and Donovan, Sean and Grover, Sarthak and Park, Miseon and Feamster, Nick and Song, Ye-Qiong},
  title = {FlowQoS: QoS for the Rest of Us},
  year = {2014},
  note = {To Appear},
  publisher = {ACM SIGCOMM},
  journal = {HotSDN 2014},
}

@article{pyretic,
  title={Modular SDN Programming with Pyretic},
  author={Reich, Joshua and Monsanto, Christopher and Foster, Nate and Rexford, Jennifer and Walker, David},
  date = {Oct. 2013},
  publisher = {USENIX},
  journal = {USENIX ;login,},
  volume = {38},
  number = {5},
  pages = {128-134},
}